@INPROCEEDINGS{8261114,
author={J. Nyambal and R. Klein},
booktitle={2017 Pattern Recognition Association of South Africa and Robotics and Mechatronics (PRASA-RobMech)},
title={Automated parking space detection using convolutional neural networks},
year={2017},
volume={},
number={},
publisher={IEEE},
pages={1-6},
keywords={Automobiles;Cameras;Distortion;Feature extraction;Sensors;Support vector machines;Training},
doi={10.1109/RoboMech.2017.8261114},
ISSN={},
month={Nov},}
